{
  "leader": "02239cam a2200337Ii 4500",
  "fields": [
    {
      "001": "ocm01445833\\"
    },
    {
      "003": "OCoLC"
    },
    {
      "005": "20220106154635.0"
    },
    {
      "008": "750714s1951\\\\\\\\nyuac\\\\\\\\b\\\\\\\\001\\0\\eng\\c"
    },
    {
      "010": {
        "ind1": "\\",
        "ind2": "\\",
        "subfields": [
          {
            "a": "   51009891 "
          }
        ]
      }
    },
    {
      "040": {
        "ind1": "\\",
        "ind2": "\\",
        "subfields": [
          {
            "a": "IXA"
          },
          {
            "b": "eng"
          },
          {
            "c": "IXA"
          },
          {
            "d": "OCL"
          },
          {
            "d": "OCLCQ"
          },
          {
            "d": "NLGGC"
          },
          {
            "d": "EYM"
          },
          {
            "d": "OCLCG"
          },
          {
            "d": "STF"
          },
          {
            "d": "CUD"
          },
          {
            "d": "GEBAY"
          },
          {
            "d": "OCLCA"
          },
          {
            "d": "OCLCQ"
          },
          {
            "d": "OCLCA"
          },
          {
            "d": "OCLCQ"
          },
          {
            "d": "OCLCF"
          },
          {
            "d": "OCLCQ"
          },
          {
            "d": "AUM"
          },
          {
            "d": "WYU"
          }
        ]
      }
    },
    {
      "019": {
        "ind1": "\\",
        "ind2": "\\",
        "subfields": [
          {
            "a": "1015480644"
          },
          {
            "a": "1056587041"
          }
        ]
      }
    },
    {
      "035": {
        "ind1": "\\",
        "ind2": "\\",
        "subfields": [
          {
            "a": "(OCoLC)1445833"
          },
          {
            "z": "(OCoLC)1015480644"
          },
          {
            "z": "(OCoLC)1056587041"
          }
        ]
      }
    },
    {
      "050": {
        "ind1": "0",
        "ind2": "0",
        "subfields": [
          {
            "a": "BX7795.J55"
          },
          {
            "b": "H5"
          }
        ]
      }
    },
    {
      "082": {
        "ind1": "0",
        "ind2": "4",
        "subfields": [
          {
            "a": "922.8673"
          },
          {
            "b": "HIN"
          }
        ]
      }
    },
    {
      "100": {
        "ind1": "1",
        "ind2": "\\",
        "subfields": [
          {
            "a": "Hinshaw, David,"
          },
          {
            "d": "1882-1953."
          }
        ]
      }
    },
    {
      "245": {
        "ind1": "1",
        "ind2": "0",
        "subfields": [
          {
            "a": "Rufus Jones, master Quaker /"
          },
          {
            "c": "David Hinshaw."
          }
        ]
      }
    },
    {
      "260": {
        "ind1": "\\",
        "ind2": "\\",
        "subfields": [
          {
            "a": "New York :"
          },
          {
            "b": "Putnam,"
          },
          {
            "c": "[1951]"
          }
        ]
      }
    },
    {
      "300": {
        "ind1": "\\",
        "ind2": "\\",
        "subfields": [
          {
            "a": "xi, 306 pages :"
          },
          {
            "b": "illustrations, portraits ;"
          },
          {
            "c": "22 cm"
          }
        ]
      }
    },
    {
      "336": {
        "ind1": "\\",
        "ind2": "\\",
        "subfields": [
          {
            "a": "text"
          },
          {
            "b": "txt"
          },
          {
            "2": "rdacontent"
          }
        ]
      }
    },
    {
      "337": {
        "ind1": "\\",
        "ind2": "\\",
        "subfields": [
          {
            "a": "unmediated"
          },
          {
            "b": "n"
          },
          {
            "2": "rdamedia"
          }
        ]
      }
    },
    {
      "338": {
        "ind1": "\\",
        "ind2": "\\",
        "subfields": [
          {
            "a": "volume"
          },
          {
            "b": "nc"
          },
          {
            "2": "rdacarrier"
          }
        ]
      }
    },
    {
      "504": {
        "ind1": "\\",
        "ind2": "\\",
        "subfields": [
          {
            "a": "Includes bibliographical references (pages 295-298) and index."
          }
        ]
      }
    },
    {
      "530": {
        "ind1": "\\",
        "ind2": "\\",
        "subfields": [
          {
            "a": "Also issued online."
          }
        ]
      }
    },
    {
      "505": {
        "ind1": "0",
        "ind2": "\\",
        "subfields": [
          {
            "a": "The man, Rufus M. Jones -- Origin of the Quaker movement in England -- Early Quakers in America -- Later American Quaker development -- South China Jones history -- Living in unity -- Rufus Jones arrives -- 1863 : birth and formative years -- As the twig is bent -- The incalculable influence of a good man -- Broadening horizons -- Rounding out his life in South China -- College and enlarged horizons -- No turning away from teaching -- A leader is raised -- Minister and lecturer -- In the classroom and on the campus -- Fruitful years -- A giver and receiver of friendship -- \"Pain for Friend\" -- The Friends Service Committee : an adventure in faith -- American Friends Fellowship Council and the wider Quaker fellowship -- An interpreter and exponent of mystical religion -- Rufus Jones, author -- Retirement to fruitful work -- Sunset at South China -- Setting out on the great trail -- Epilogue."
          }
        ]
      }
    },
    {
      "600": {
        "ind1": "1",
        "ind2": "0",
        "subfields": [
          {
            "a": "Jones, Rufus M."
          },
          {
            "q": "(Rufus Matthew),"
          },
          {
            "d": "1863-1948."
          }
        ]
      }
    },
    {
      "600": {
        "ind1": "1",
        "ind2": "7",
        "subfields": [
          {
            "a": "Jones, Rufus M."
          },
          {
            "q": "(Rufus Matthew),"
          },
          {
            "d": "1863-1948."
          },
          {
            "2": "fast"
          },
          {
            "0": "(OCoLC)fst00014050"
          }
        ]
      }
    },
    {
      "776": {
        "ind1": "0",
        "ind2": "8",
        "subfields": [
          {
            "i": "Online version:"
          },
          {
            "a": "Hinshaw, David, 1882-"
          },
          {
            "t": "Rufus Jones, master Quaker."
          },
          {
            "d": "New York, Putnam [1951]"
          },
          {
            "w": "(OCoLC)601805692"
          }
        ]
      }
    },
    {
      "994": {
        "ind1": "\\",
        "ind2": "\\",
        "subfields": [
          {
            "a": "Z0"
          },
          {
            "b": "NYRVC"
          }
        ]
      }
    },
    {
      "948": {
        "ind1": "\\",
        "ind2": "\\",
        "subfields": [
          {
            "h": "NO HOLDINGS IN NYRVC - 399 OTHER HOLDINGS"
          }
        ]
      }
    },
    {
      "999": {
        "ind1": "\\",
        "ind2": "\\",
        "subfields": [
          {
            "a": "00000000019984"
          }
        ]
      }
    }
  ]
}